@article{munns2002comparative,
  author    = {R. Munns},
  title     = {Comparative physiology of salt and water stress},
  journal   = {Plant, Cell \& Environment},
  year      = {2002},
  volume    = {25},
  number    = {2},
  pages     = {239--250},
}

@article{tester2003na,
  author    = {M. Tester and R. Davenport},
  title     = {Na$^+$ tolerance and $\mathrm{N}\mathrm{a}^+$ transport in higher plants},
  journal   = {Annals of Botany},
  year      = {2003},
  volume    = {91},
  number    = {5},
  pages     = {503--527},
}

@article{zhu2001plant,
  author    = {J. K. Zhu},
  title     = {Plant salt tolerance},
  journal   = {Trends in Plant Science},
  year      = {2001},
  volume    = {6},
  number    = {2},
  pages     = {66--71},
}

@article{hasegawa2000plant,
  author    = {P. M. Hasegawa and R. A. Bressan and J. K. Zhu and H. J. Bohnert},
  title     = {Plant cellular and molecular responses to high salinity},
  journal   = {Annual Review of Plant Physiology and Plant Molecular Biology},
  year      = {2000},
  volume    = {51},
  number    = {1},
  pages     = {463--499},
}

@article{flowers2008salinity,
  author    = {T. J. Flowers and T. D. Colmer},
  title     = {Salinity tolerance in halophytes},
  journal   = {New Phytologist},
  year      = {2008},
  volume    = {179},
  number    = {4},
  pages     = {945--963},
}

@article{greenway1980mechanisms,
  author    = {H. Greenway and R. Munns},
  title     = {Mechanisms of salt tolerance in nonhalophytes},
  journal   = {Annual Review of Plant Physiology},
  year      = {1980},
  volume    = {31},
  number    = {1},
  pages     = {149--190},
}

@article{shavrukov1980salt,
  author    = {Y. S. Shavrukov},
  title     = {Salt tolerance in plants},
  journal   = {Plant and Soil},
  year      = {1980},
  volume    = {58},
  number    = {1},
  pages     = {119--129},
}

@article{apse2002engineering,
  author    = {M. P. Apse and E. Blumwald},
  title     = {Engineering salt tolerance in plants},
  journal   = {Current Opinion in Biotechnology},
  year      = {2002},
  volume    = {13},
  number    = {3},
  pages     = {146--150},
}

@article{mittler2002oxidative,
  author    = {R. Mittler},
  title     = {Oxidative stress, antioxidants and stress tolerance},
  journal   = {Trends in Plant Science},
  year      = {2002},
  volume    = {7},
  number    = {9},
  pages     = {405--410},
}

@article{zhu2002salt,
  author    = {J. K. Zhu},
  title     = {Salt and drought stress signal transduction in plants},
  journal   = {Annual Review of Plant Biology},
  year      = {2002},
  volume    = {53},
  number    = {1},
  pages     = {247--273},
}

%11-20
@article{shi2002regulation,
  author    = {H. Shi and J. K. Zhu},
  title     = {Regulation of expression of a salt-inducible gene encoding a novel potassium transporter in rice by ABA and sodium chloride},
  journal   = {The Plant Molecular Biology Reporter},
  year      = {2002},
  volume    = {20},
  number    = {3},
  pages     = {243--250},
}

@article{verslues2005new,
  author    = {P. E. Verslues and J. K. Zhu},
  title     = {New perspectives on salt-responsive genes in plants},
  journal   = {Journal of Experimental Botany},
  year      = {2005},
  volume    = {56},
  number    = {411},
  pages     = {1035--1040},
}

@article{flowers1995breeding,
  author    = {T. J. Flowers and A. R. Yeo},
  title     = {Breeding for salt tolerance in crop plants: the role of molecular biology},
  journal   = {Oxford Surveys of Plant Molecular and Cell Biology},
  year      = {1995},
  volume    = {11},
  pages     = {55--82},
}

@article{munns2008mechanisms,
  author    = {R. Munns and M. Tester},
  title     = {Mechanisms of salinity tolerance},
  journal   = {Annual Review of Plant Biology},
  year      = {2008},
  volume    = {59},
  pages     = {651--681},
}

@book{greenway1980plants,
  author    = {H. Greenway and R. Munns},
  title     = {Plants under stress},
  publisher = {Cambridge University Press},
  year      = {1980},
}

@article{colmer2003long,
  author    = {T. D. Colmer},
  title     = {Long-distance transport of gases in plants: a perspective on internal aeration and radial oxygen loss from roots},
  journal   = {Plant, Cell \& Environment},
  year      = {2003},
  volume    = {26},
  number    = {6},
  pages     = {19--36},
}

@article{apse2002na,
  author    = {M. P. Apse and E. Blumwald},
  title     = {Na$^+$/H$^+$ antiporters and Na$^+$/H$^+$ exchangers in plants},
  journal   = {Biochimica et Biophysica Acta (BBA) - Biomembranes},
  year      = {2002},
  volume    = {1564},
  number    = {1},
  pages     = {58--72},
}

@article{shi2000arabidopsis,
  author    = {H. Shi and M. Ishitani and C. Kim and J. K. Zhu},
  title     = {The Arabidopsis thaliana salt tolerance gene SOS1 encodes a putative Na$^+$/H$^+$ antiporter},
  journal   = {Proceedings of the National Academy of Sciences},
  year      = {2000},
  volume    = {97},
  number    = {12},
  pages     = {6896--6901},
}

@article{rhodes1993quaternary,
  author    = {D. Rhodes and A. D. Hanson},
  title     = {Quaternary ammonium and tertiary sulfonium compounds in higher plants},
  journal   = {Annual Review of Plant Physiology and Plant Molecular Biology},
  year      = {1993},
  volume    = {44},
  number    = {1},
  pages     = {357--384},
}

@article{bohnert1996metabolic,
  author    = {H. J. Bohnert and R. G. Jensen},
  title     = {Metabolic engineering for increased salt tolerance, the next step},
  journal   = {Australian Journal of Plant Physiology},
  year      = {1996},
  volume    = {23},
  number    = {2},
  pages     = {665--667},
}

%21-30

@article{foyer2005oxidant,
  author    = {C. H. Foyer and G. Noctor},
  title     = {Oxidant and antioxidant signaling in plants: a re-evaluation of the concept of oxidative stress in a physiological context},
  journal   = {Plant, Cell \& Environment},
  year      = {2005},
  volume    = {28},
  number    = {8},
  pages     = {1056--1071},
}

@article{knight2001abiotic,
  author    = {H. Knight and M. R. Knight},
  title     = {Abiotic stress signaling through calcium and calcium-dependent protein kinases: Arabidopsis as a model system},
  journal   = {Plant Physiology},
  year      = {2001},
  volume    = {127},
  number    = {2},
  pages     = {459--463},
}

@article{sanders1999communicating,
  author    = {D. Sanders and C. Brownlee and J. F. Harper},
  title     = {Communicating with calcium},
  journal   = {Plant Cell},
  year      = {1999},
  volume    = {11},
  number    = {4},
  pages     = {691--706},
}

@article{abe2003arabidopsis,
  author    = {H. Abe and T. Urao and T. Ito and M. Seki and K. Shinozaki and K. Yamaguchi-Shinozaki},
  title     = {Arabidopsis AtMYC2 (bHLH) and AtMYB2 (MYB) function as transcriptional activators in abscisic acid signaling},
  journal   = {Plant Cell},
  year      = {2003},
  volume    = {15},
  number    = {1},
  pages     = {63--78},
}

@article{jakoby2002bzip,
  author    = {M. Jakoby and B. Weisshaar and W. Droge-Laser and J. Vicente-Carbajosa and J. Tiedemann and T. Kroj and F. Parcy},
  title     = {bZIP transcription factors in Arabidopsis},
  journal   = {Trends in Plant Science},
  year      = {2002},
  volume    = {7},
  number    = {3},
  pages     = {106--111},
}

@article{zhang2023g,
  author    = {H. Zhang and others},
  title     = {A G$\gamma$ protein regulates alkaline sensitivity in crops},
  journal   = {Science},
  year      = {2023},
  volume    = {379},
  pages     = {eade8416},
}


@article{guo2011identification,
  author    = {Q. Guo and Y. Wang and H. Zhang},
  title     = {Identification and functional analysis of salt-responsive genes in plants},
  journal   = {African Journal of Biotechnology},
  year      = {2011},
  volume    = {10},
  number    = {38},
  pages     = {7439--7448},
}

@article{flowers1981variability,
  author    = {T. J. Flowers and A. R. Yeo},
  title     = {Variability in the resistance of sodium chloride salinity within species of the Aizoaceae},
  journal   = {New Phytologist},
  year      = {1981},
  volume    = {88},
  number    = {1},
  pages     = {363--373},
}
@article{collard2008marker,
  author    = {B. C. Y. Collard and D. J. Mackill},
  title     = {Marker-assisted selection: an approach for precision breeding in the twenty-first century},
  journal   = {Philosophical Transactions of the Royal Society B: Biological Sciences},
  year      = {2008},
  volume    = {363},
  number    = {1491},
  pages     = {557--572},
}

@incollection{hospital2002marker,
  author    = {F. Hospital},
  title     = {Marker-assisted breeding},
  booktitle = {Quantitative genetics, genomics and plant breeding},
  pages     = {217--240},
  year      = {2002},
  publisher = {CABI},
}

%31-33
@article{shan2015genome,
  author    = {Q. Shan and Y. Wang and J. Li and Y. Zhang and K. Chen and Z. Liang and others},
  title     = {Genome editing in rice and wheat using the CRISPR/Casâ€“system},
  journal   = {The Plant Biotechnology Journal},
  year      = {2015},
  volume    = {13},
  number    = {6},
  pages     = {1155--1164},
}

@article{varshney2005genomics,
  author    = {R. K. Varshney and A. Graner and M. E. Sorrells},
  title     = {Genomics-assisted breeding for crop improvement},
  journal   = {Trends in Plant Science},
  year      = {2005},
  volume    = {10},
  number    = {12},
  pages     = {621--630},
}

@incollection{rengasamy2006world,
  author    = {P. Rengasamy},
  title     = {World salinization: extent, processes and management},
  booktitle = {Advances in Geoecology},
  volume    = {38},
  pages     = {29--50},
  year      = {2006},
  publisher = {CRC Press},
}